
@BOOK{Osterbrock:2006,
     author = {{Osterbrock}, D.~E. and {Ferland}, G.~J.},
     title = "{Astrophysics of gaseous nebulae and active galactic nuclei}",
     keywords = {GASEOUS NEBULAE, PHOTOIONIZATION, THERMAL EQUILIBRIUM, EMISSION SPECTRA, INTERSTELLAR DUST, H II REGIONS, PLANETARY NEBULAE,  SUPERNOVA REMNANTS, ACTIVE GALACTIC NUCLEI},
     booktitle = {Astrophysics of gaseous nebulae and active galactic nuclei, 2nd.~ed.~by D.E.~Osterbrock and G.J.~Ferland.~Sausalito, CA: University Science Books, 2006},
     journal = {Mercury},
     year = 2006,
     month = jan,
     volume = 35,
     number = 1,
     pages = {40},
     adsurl = {http://adsabs.harvard.edu/abs/2006agna.book.....O},
     adsnote = {Provided by the SAO/NASA Astrophysics Data System}}

@ARTICLE{Karakas:2014,
    author = {{Karakas}, A.~I. and {Lattanzio}, J.~C.},
    title = "{The Dawes Review 2: Nucleosynthesis and Stellar Yields of Low- and Intermediate-Mass Single Stars}",
    journal = {\pasa},
    archivePrefix = "arXiv",
    eprint = {1405.0062},
    primaryClass = "astro-ph.SR",
    keywords = {ISM: composition, nucleosynthesis, Population II stars, stars: AGB and post-AGB, stars: mixing, chemical evolution},
    year = 2014,
    month = jul,
    volume = 31,
    eid = {e030},
    pages = {e030},
    doi = {10.1017/pasa.2014.21},
    adsurl = {http://adsabs.harvard.edu/abs/2014PASA...31...30K},
    adsnote = {Provided by the SAO/NASA Astrophysics Data System}}

@ARTICLE{Delgado:2016,
    author = {{Delgado-Inglada}, G.},
    title = "{Gaseous abundances in planetary nebulae: What have we learned in the past five years?}",
    journal = {ArXiv e-prints},
    archivePrefix = "arXiv",
    eprint = {1611.10246},
    keywords = {Astrophysics - Astrophysics of Galaxies, Astrophysics - Solar and Stellar Astrophysics},
    year = 2016,
    month = nov,
    adsurl = {http://adsabs.harvard.edu/abs/2016arXiv161110246D},
    adsnote = {Provided by the SAO/NASA Astrophysics Data System}}

@PHDTHESIS{Frew:2008,
    author = {{Frew}, D.~J.},
    title = "{Planetary Nebulae in the Solar Neighbourhood: Statistics, Distance Scale and Luminosity Function}",
    keywords = {Planetary Nebulae: General, Interstellar Medium, Spectroscopy and Abundances, Photometry, HII regions,  Distance scales, Planetary nebula luminosity function,  Central star binarity, White dwarf birthrate,  Symbiotic stars, Catalcysmic variables, Bow-shock nebulae, Milky Way Galaxy, Magellanic Clouds},
    school = {Department of Physics, Macquarie University, NSW 2109, Australia},
    year = 2008,
    month = July,
    adsurl = {http://adsabs.harvard.edu/abs/2008PhDT.......109F},
    adsnote = {Provided by the SAO/NASA Astrophysics Data System}}

@ARTICLE{Kwitter:2001,
    author = {{Kwitter}, K.~B. and {Henry}, R.~B.~C.},
    title = "{Sulfur, Chlorine, and Argon in Planetary Nebulae. I. Observations and Abundances in a Northern Sample}",
    journal = {\apj},
    eprint = {astro-ph/0106213},
    keywords = {ISM: Abundances, Nuclear Reactions, Nucleosynthesis, Abundances, ISM: Planetary Nebulae: General, Stars: Evolution},
    year = 2001,
    month = dec,
    volume = 562,
    pages = {804-823},
    doi = {10.1086/322505},
    adsurl = {http://adsabs.harvard.edu/abs/2001ApJ...562..804K},
    adsnote = {Provided by the SAO/NASA Astrophysics Data System}}

@ARTICLE{Jacoby:1989,
    author = {{Jacoby}, G.~H. and {Kaler}, J.~B.},
    title = "{Magnitudes of central stars in optically thick planetary nebulae}",
    journal = {\aj},
    keywords = {H Beta Line, Optical Thickness, Planetary Nebulae, Stellar Magnitude, Stellar Temperature, Emission Spectra, Hot Stars, Line Spectra, Stellar Luminosity},
    year = 1989,
    month = nov,
    volume = 98,
    pages = {1662-1671},
    doi = {10.1086/115252},
    adsurl = {http://adsabs.harvard.edu/abs/1989AJ.....98.1662J},
    adsnote = {Provided by the SAO/NASA Astrophysics Data System}}

@ARTICLE{Greig:1967,
    author = {{Greig}, W.~E.},
    title = "{Population Discrimination among Planetary Nebulae.}",
    journal = {\aj},
    year = 1967,
    volume = 72,
    pages = {801},
    doi = {10.1086/110441},
    adsurl = {http://adsabs.harvard.edu/abs/1967AJ.....72Q.801G},
    adsnote = {Provided by the SAO/NASA Astrophysics Data System}}

@ARTICLE{Corradi:1997,
    author = {{Corradi}, R.~L.~M. and {Villaver}, E. and {Mampaso}, A. and 
	{Perinotto}, M.},
    title = "{A new, evolved bipolar planetary nebula.}",
    journal = {\aap},
    keywords = {PLANETARY NEBULAE: INDIVIDUAL: PN G321.6+02.2},
    year = 1997,
    month = aug,
    volume = 324,
    pages = {276-280},
    adsurl = {http://adsabs.harvard.edu/abs/1997A%26A...324..276C},
    adsnote = {Provided by the SAO/NASA Astrophysics Data System}}

@INPROCEEDINGS{Benitez:2015,
   author = {{Ben{\'{\i}}tez}, N. and {Dupke}, R. and {Moles}, M. and {Sodr{\'e}}, L. and 
	{Cenarro}, A.~J. and {Mar{\'{\i}}n Franch}, A. and {Taylor}, K. and 
	{Crist{\'o}bal}, D. and {Fern{\'a}ndez-Soto}, A. and {Mendes de Oliveira}, C. and 
	{Cepa-Nogu{\'e}}, J. and {Abramo}, L.~R. and {Alcaniz}, J.~S. and 
	{Overzier}, R. and {Hern{\'a}ndez-Monteagudo}, C. and {Alfaro}, E.~J. and 
	{Kanaan}, A. and {Carvano}, M. and {Reis}, R.~R.~R. and {J-PAS Collaboration}
	},
    title = "{J-PAS: The Javalambre-Physics of the Accelerated Universe Astrophysical Survey}",
    booktitle = {Highlights of Spanish Astrophysics VIII},
    year = 2015,
    editor = {{Cenarro}, A.~J. and {Figueras}, F. and {Hern{\'a}ndez-Monteagudo}, C. and 
	{Trujillo Bueno}, J. and {Valdivielso}, L.},
    month = may,
    pages = {148-153},
    adsurl = {http://adsabs.harvard.edu/abs/2015hsa8.conf..148B},
    adsnote = {Provided by the SAO/NASA Astrophysics Data System}}

@ARTICLE{Benitez:2014,
   author = {{Benitez}, N. and {Dupke}, R. and {Moles}, M. and {Sodre}, L. and 
	{Cenarro}, J. and {Marin-Franch}, A. and {Taylor}, K. and {Cristobal}, D. and 
	{Fernandez-Soto}, A. and {Mendes de Oliveira}, C. and {Cepa-Nogue}, J. and 
	{Abramo}, L.~R. and {Alcaniz}, J.~S. and {Overzier}, R. and 
	{Hernandez-Monteagudo}, C. and {Alfaro}, E.~J. and {Kanaan}, A. and 
	{Carvano}, J.~M. and {Reis}, R.~R.~R. and {Martinez Gonzalez}, E. and 
	{Ascaso}, B. and {Ballesteros}, F. and {Xavier}, H.~S. and {Varela}, J. and 
	{Ederoclite}, A. and {Vazquez Ramio}, H. and {Broadhurst}, T. and 
	{Cypriano}, E. and {Angulo}, R. and {Diego}, J.~M. and {Zandivarez}, A. and 
	{Diaz}, E. and {Melchior}, P. and {Umetsu}, K. and {Spinelli}, P.~F. and 
	{Zitrin}, A. and {Coe}, D. and {Yepes}, G. and {Vielva}, P. and 
	{Sahni}, V. and {Marcos-Caballero}, A. and {Shu Kitaura}, F. and 
	{Maroto}, A.~L. and {Masip}, M. and {Tsujikawa}, S. and {Carneiro}, S. and 
	{Gonzalez Nuevo}, J. and {Carvalho}, G.~C. and {Reboucas}, M.~J. and 
	{Carvalho}, J.~C. and {Abdalla}, E. and {Bernui}, A. and {Pigozzo}, C. and 
	{Ferreira}, E.~G.~M. and {Chandrachani Devi}, N. and {Bengaly}, Jr., C.~A.~P. and 
	{Campista}, M. and {Amorim}, A. and {Asari}, N.~V. and {Bongiovanni}, A. and 
	{Bonoli}, S. and {Bruzual}, G. and {Cardiel}, N. and {Cava}, A. and 
	{Cid Fernandes}, R. and {Coelho}, P. and {Cortesi}, A. and {Delgado}, R.~G. and 
	{Diaz Garcia}, L. and {Espinosa}, J.~M.~R. and {Galliano}, E. and 
	{Gonzalez-Serrano}, J.~I. and {Falcon-Barroso}, J. and {Fritz}, J. and 
	{Fernandes}, C. and {Gorgas}, J. and {Hoyos}, C. and {Jimenez-Teja}, Y. and 
	{Lopez-Aguerri}, J.~A. and {Lopez-San Juan}, C. and {Mateus}, A. and 
	{Molino}, A. and {Novais}, P. and {OMill}, A. and {Oteo}, I. and 
	{Perez-Gonzalez}, P.~G. and {Poggianti}, B. and {Proctor}, R. and 
	{Ricciardelli}, E. and {Sanchez-Blazquez}, P. and {Storchi-Bergmann}, T. and 
	{Telles}, E. and {Schoennell}, W. and {Trujillo}, N. and {Vazdekis}, A. and 
	{Viironen}, K. and {Daflon}, S. and {Aparicio-Villegas}, T. and 
	{Rocha}, D. and {Ribeiro}, T. and {Borges}, M. and {Martins}, S.~L. and 
	{Marcolino}, W. and {Martinez-Delgado}, D. and {Perez-Torres}, M.~A. and 
	{Siffert}, B.~B. and {Calvao}, M.~O. and {Sako}, M. and {Kessler}, R. and 
	{Alvarez-Candal}, A. and {De Pra}, M. and {Roig}, F. and {Lazzaro}, D. and 
	{Gorosabel}, J. and {Lopes de Oliveira}, R. and {Lima-Neto}, G.~B. and 
	{Irwin}, J. and {Liu}, J.~F. and {Alvarez}, E. and {Balmes}, I. and 
	{Chueca}, S. and {Costa-Duarte}, M.~V. and {da Costa}, A.~A. and 
	{Dantas}, M.~L.~L. and {Diaz}, A.~Y. and {Fabregat}, J. and 
	{Ferrari}, F. and {Gavela}, B. and {Gracia}, S.~G. and {Gruel}, N. and 
	{Gutierrez}, J.~L.~L. and {Guzman}, R. and {Hernandez-Fernandez}, J.~D. and 
	{Herranz}, D. and {Hurtado-Gil}, L. and {Jablonsky}, F. and 
	{Laporte}, R. and {Le Tiran}, L.~L. and {Licandro}, J and {Lima}, M. and 
	{Martin}, E. and {Martinez}, V. and {Montero}, J.~J.~C. and 
	{Penteado}, P. and {Pereira}, C.~B. and {Peris}, V. and {Quilis}, V. and 
	{Sanchez-Portal}, M. and {Soja}, A.~C. and {Solano}, E. and 
	{Torra}, J. and {Valdivielso}, L.},
    title = "{J-PAS: The Javalambre-Physics of the Accelerated Universe Astrophysical Survey}",
    journal = {ArXiv e-prints},
    archivePrefix = "arXiv",
    eprint = {1403.5237},
    primaryClass = "astro-ph.CO",
    keywords = {Astrophysics - Cosmology and Extragalactic Astrophysics},
    year = 2014,
    month = mar,
    adsurl = {http://adsabs.harvard.edu/abs/2014arXiv1403.5237B},
    adsnote = {Provided by the SAO/NASA Astrophysics Data System}}

@INPROCEEDINGS{Marston:2006,
   author = {{Marston}, A.~P. and {McCollum}, B.},
   title = "{Shells and Bipolar Structures around B[e] Stars}",
   booktitle = {Stars with the B[e] Phenomenon},
   year = 2006,
   series = {Astronomical Society of the Pacific Conference Series},
   volume = 355,
   editor = {{Kraus}, M. and {Miroshnichenko}, A.~S.},
   month = dec,
   pages = {189},
   adsurl = {http://adsabs.harvard.edu/abs/2006ASPC..355..189M},
   adsnote = {Provided by the SAO/NASA Astrophysics Data System}}


@ARTICLE{Howard:1997,
    author = {{Howard}, J.~W. and {Henry}, R.~B.~C. and {McCartney}, S.},
    title = "{A detailed abundance analysis of nine halo planetary nebulae}",
    journal = {\mnras},
    keywords = {STARS: ATMOSPHERES, WHITE DWARFS, ISM: ABUNDANCES, PLANETARY NEBULAE: GENERAL.},
    year = 1997,
    month = jan,
    volume = 284,
    pages = {465-476},
    adsurl = {http://adsabs.harvard.edu/abs/1997MNRAS.284..465H},
    adsnote = {Provided by the SAO/NASA Astrophysics Data System}}
@ARTICLE{Otsuka:2010,
    author = {{Otsuka}, M. and {Tajitsu}, A. and {Hyung}, S. and {Izumiura}, H.
	},
    title = "{The Origin and Evolution of the Halo PN BoBn 1: From a Viewpoint of Chemical Abundances Based on Multiwavelength Spectra}",
    journal = {\apj},
    archivePrefix = "arXiv",
    eprint = {1008.4175},
    primaryClass = "astro-ph.SR",
    keywords = {dust, extinction, ISM: abundances, planetary nebulae: individual: BoBn 1 K 648, stars: Population II},
    year = 2010,
    month = nov,
    volume = 723,
    pages = {658-683},
    doi = {10.1088/0004-637X/723/1/658},
    adsurl = {http://adsabs.harvard.edu/abs/2010ApJ...723..658O},
    adsnote = {Provided by the SAO/NASA Astrophysics Data System}}

@ARTICLE{Drew:2005,
      author = {{Drew}, J.~E. and {Greimel}, R. and {Irwin}, M.~J. and {Aungwerojwit}, A. and 
	{Barlow}, M.~J. and {Corradi}, R.~L.~M. and {Drake}, J.~J. and 
	{G{\"a}nsicke}, B.~T. and {Groot}, P. and {Hales}, A. and {Hopewell}, E.~C. and 
	{Irwin}, J. and {Knigge}, C. and {Leisy}, P. and {Lennon}, D.~J. and 
	{Mampaso}, A. and {Masheder}, M.~R.~W. and {Matsuura}, M. and 
	{Morales-Rueda}, L. and {Morris}, R.~A.~H. and {Parker}, Q.~A. and 
	{Phillipps}, S. and {Rodriguez-Gil}, P. and {Roelofs}, G. and 
	{Skillen}, I. and {Sokoloski}, J.~L. and {Steeghs}, D. and {Unruh}, Y.~C. and 
	{Viironen}, K. and {Vink}, J.~S. and {Walton}, N.~A. and {Witham}, A. and 
	{Wright}, N. and {Zijlstra}, A.~A. and {Zurita}, A.},
    title = "{The INT Photometric H{$\alpha$} Survey of the Northern Galactic Plane (IPHAS)}",
    journal = {\mnras},
    eprint = {astro-ph/0506726},
    keywords = {surveys, stars: emission-line, Be, stars: general, Galaxy: disc, Galaxy: stellar content},
    year = 2005,
    month = sep,
    volume = 362,
    pages = {753-776},
    doi = {10.1111/j.1365-2966.2005.09330.x},
    adsurl = {http://adsabs.harvard.edu/abs/2005MNRAS.362..753D},
    adsnote = {Provided by the SAO/NASA Astrophysics Data System}}

@ARTICLE{Kwitter:2003,
    author = {{Kwitter}, K.~B. and {Henry}, R.~B.~C. and {Milingo}, J.~B.},
    title = "{Sulfur, Chlorine, and Argon Abundances in Planetary Nebulae. III. Observations and Results for a Final Sample}",
    journal = {\pasp},
    eprint = {astro-ph/0209543},
    keywords = {ISM: Abundances, ISM: Planetary Nebulae: General, Stars: Evolution},
    year = 2003,
    month = jan,
    volume = 115,
    pages = {80-95},
    doi = {10.1086/345108},
    adsurl = {http://adsabs.harvard.edu/abs/2003PASP..115...80K},
    adsnote = {Provided by the SAO/NASA Astrophysics Data System}}


@ARTICLE{Schmid:1994,
    author = {{Schmid}, H.~M. and {Schild}, H.},
    title = "{Raman scattered emission lines in symbiotic stars: A spectropolarimetric survey}",
    journal = {\aap},
    keywords = {Emission Spectra, Line Spectra, Polarization, Raman Spectra, Symbiotic Stars, Astronomical Polarimetry, Interstellar Matter, Radiant Flux Density, Stellar Envelopes, Stellar Models},
    year = 1994,
    month = jan,
    volume = 281,
    pages = {145-160},
    adsurl = {http://adsabs.harvard.edu/abs/1994A%26A...281..145S},
    adsnote = {Provided by the SAO/NASA Astrophysics Data System}}

@ARTICLE{Corradi:2008,
    author = {{Corradi}, R.~L.~M. and {Rodr{\'{\i}}guez-Flores}, E.~R. and 
	{Mampaso}, A. and {Greimel}, R. and {Viironen}, K. and {Drew}, J.~E. and 
	{Lennon}, D.~J. and {Mikolajewska}, J. and {Sabin}, L. and {Sokoloski}, J.~L.
	},
    title = "{IPHAS and the symbiotic stars. I. Selection method and first discoveries}",
    journal = {\aap},
    archivePrefix = "arXiv",
    eprint = {0712.2391},
    keywords = {surveys, Galaxy: stellar content, stars: binaries: symbiotic, stars: emission-line, Be, stars: pre-main sequence, ISM:, planetary nebulae: general},
    year = 2008,
    month = mar,
    volume = 480,
    pages = {409-419},
    doi = {10.1051/0004-6361:20078989},
    adsurl = {http://adsabs.harvard.edu/abs/2008A%26A...480..409C},
    adsnote = {Provided by the SAO/NASA Astrophysics Data System}}

@ARTICLE{Tovmassian:2001,
   author = {{Tovmassian}, G.~H. and {Stasi{\'n}ska}, G. and {Chavushyan}, V.~H. and 
	{Zharikov}, S.~V. and {Gutierrez}, C. and {Prada}, F.},
   title = "{SBS 1150+599A: An extremely oxygen-poor planetary nebula in the Galactic halo?}",
   journal = {\aap},
   eprint = {astro-ph/0104222},
   keywords = {ISM: PLANETARY NEBULAE: GENERAL, ISM: PLANETARY NEBULAE: INDIVIDUAL: SBS 1150+599A (PN G135.9+55.9),, GALAXIES: HALOS, STARS: BINARIES: SYMBIOTIC, STARS: CATACLYSMIC VARIABLES},
   year = 2001,
   month = may,
   volume = 370,
   pages = {456-467},
   doi = {10.1051/0004-6361:20010220},
   adsurl = {http://adsabs.harvard.edu/abs/2001A%26A...370..456T},
   adsnote = {Provided by the SAO/NASA Astrophysics Data System}}

@ARTICLE{Pena:1990,
   author = {{Pena}, M. and {Torres-Peimbert}, S. and {Ruiz}, M.~T. and {Maza}, J.
	},
   title = "{A newly discovered carbon-poor planetary nebula - PN 242-37.1}",
   journal = {\aap},
   keywords = {Carbon, Planetary Nebulae, Stellar Spectrophotometry, Abundance, Electron Energy, Oxygen, Stellar Spectra, Ultraviolet Spectroscopy},
    year = 1990,
    month = oct,
    volume = 237,
    pages = {454-460},
    adsurl = {http://adsabs.harvard.edu/abs/1990A%26A...237..454P},
    adsnote = {Provided by the SAO/NASA Astrophysics Data System}}

@ARTICLE{Bica:1995,
   author = {{Bica}, E. and {Claria}, J.~J. and {Bonatto}, C. and {Piatti}, A.~E. and 
	{Ortolani}, S. and {Barbuy}, B.},
   title = "{Three globular cluster candidates in the direction of the bulge shown to be small emission nebulae.}",
   journal = {\aap},
   keywords = {ISM: PLANETARY NEBULAE, ISM: SUPERNOVA REMNANTS, GALAXY: GLOBULAR CLUSTERS: GENERAL, GALAXY: GENERAL},
   year = 1995,
   month = nov,
   volume = 303,
   pages = {747},
   adsurl = {http://adsabs.harvard.edu/abs/1995A%26A...303..747B},
   adsnote = {Provided by the SAO/NASA Astrophysics Data System}}

@ARTICLE{Parker:2006,
   author = {{Parker}, Q.~A. and {Acker}, A. and {Frew}, D.~J. and {Hartley}, M. and 
	{Peyaud}, A.~E.~J. and {Ochsenbein}, F. and {Phillipps}, S. and 
	{Russeil}, D. and {Beaulieu}, S.~F. and {Cohen}, M. and {K{\"o}ppen}, J. and 
	{Miszalski}, B. and {Morgan}, D.~H. and {Morris}, R.~A.~H. and 
	{Pierce}, M.~J. and {Vaughan}, A.~E.},
   title = "{The Macquarie/AAO/Strasbourg H{$\alpha$} Planetary Nebula Catalogue: MASH}",
   journal = {\mnras},
   keywords = {astronomical data bases: miscellaneous, catalogues, surveys, planetary nebulae: general},
   year = 2006,
   month = nov,
   volume = 373,
   pages = {79-94},
   doi = {10.1111/j.1365-2966.2006.10950.x},
   adsurl = {http://adsabs.harvard.edu/abs/2006MNRAS.373...79P},
   adsnote = {Provided by the SAO/NASA Astrophysics Data System}}

@INPROCEEDINGS{Gutierrez:1988,
    author = {{Gutierrez-Moreno}, A.},
    title = "{Planetary Nebulae and Symbiotic Stars}",
    booktitle = {Progress and Opportunities in Southern Hemisphere Optical Astronomy.  The CTIO 25th Anniversary Symposium},
    year = 1988,
    series = {Astronomical Society of the Pacific Conference Series},
    volume = 1,
    editor = {{Blanco}, V.~M. and {Phillips}, M.~M.},
    pages = {12},
    adsurl = {http://adsabs.harvard.edu/abs/1988ASPC....1...12G},
    adsnote = {Provided by the SAO/NASA Astrophysics Data System}}

@ARTICLE{Gutierrez:1995,
    author = {{Gutierrez-Moreno}, A. and {Moreno}, H. and {Cortes}, G.},
    title = "{A Diagnostic Diagram for Planetary Nebulae and Symbiotic Stars}",
    journal = {\pasp},
    keywords = {PLANETARY NEBULAE, CATACLYSMIC VARIABLES, NOVAE},
    year = 1995,
    month = may,
    volume = 107,
    pages = {462},
    doi = {10.1086/133575},
    adsurl = {http://adsabs.harvard.edu/abs/1995PASP..107..462G},
    adsnote = {Provided by the SAO/NASA Astrophysics Data System}}

@ARTICLE{Allen:1984,
    author = {{Allen}, D.~A.},
    title = "{A catalogue of symbiotic stars}",
    journal = {Proceedings of the Astronomical Society of Australia},
    keywords = {Astronomical Catalogs, Astronomical Maps, Stellar Spectrophotometry, Symbiotic Stars, Graphs (Charts), Infrared Astronomy, Radio Astronomy, Ultraviolet Astronomy, X Ray Astronomy},
    year = 1984,
    volume = 5,
    pages = {369-421},
    adsurl = {http://adsabs.harvard.edu/abs/1984PASAu...5..369A},
    adsnote = {Provided by the SAO/NASA Astrophysics Data System}}

@ARTICLE{Allen:1984a,
    author = {{Allen}, D.~A.},
    title = "{Symbiotic stars}",
    journal = {\apss},
    keywords = {Late Stars, Stellar Spectra, Symbiotic Stars, Variable Stars, Hot Stars, Infrared Astronomy, Main Sequence Stars, Mira Variables, Stellar Evolution, Ultraviolet Astronomy, White Dwarf Stars},
    year = 1984,
    month = feb,
    volume = 99,
    pages = {101-125},
    doi = {10.1007/BF00650235},
    adsurl = {http://adsabs.harvard.edu/abs/1984Ap%26SS..99..101A},
    adsnote = {Provided by the SAO/NASA Astrophysics Data System}}

@ARTICLE{Belczy:2000,
   author = {{Belczy{\'n}ski}, K. and {Miko{\l}ajewska}, J. and {Munari}, U. and 
	{Ivison}, R.~J. and {Friedjung}, M.},
   title = "{A catalogue of symbiotic stars}",
   journal = {\aaps},
   eprint = {astro-ph/0005547},
   keywords = {CATALOGUES, STARS: BINARIES: SYMBIOTIC, STARS: FUNDAMENTAL PARAMETERS},
   year = 2000,
   month = nov,
   volume = 146,
   pages = {407-435},
   doi = {10.1051/aas:2000280},
   adsurl = {http://adsabs.harvard.edu/abs/2000A%26AS..146..407B},
   adsnote = {Provided by the SAO/NASA Astrophysics Data System}}

@ARTICLE{Acker:1987,
   author = {{Acker}, A. and {Chopinet}, M. and {Pottasch}, S.~R. and {Stenholm}, B.},
   title = "{Misclassified planetary nebulae}",
   journal = {\aaps},
   keywords = {Emission Spectra, Line Spectra, Planetary Nebulae, Spectrum Analysis, Infrared Astronomy Satellite, Tables (Data)},
   year = 1987,
   month = oct,
   volume = 71,
   pages = {163-175},
   adsurl = {http://adsabs.harvard.edu/abs/1987A%26AS...71..163A},
   adsnote = {Provided by the SAO/NASA Astrophysics Data System}}

@ARTICLE{Corradi:2010,
   author = {{Corradi}, R.~L.~M. and {Valentini}, M. and {Munari}, U. and 
	{Drew}, J.~E. and {Rodr{\'{\i}}guez-Flores}, E.~R. and {Viironen}, K. and 
	{Greimel}, R. and {Santander-Garc{\'{\i}}a}, M. and {Sabin}, L. and 
	{Mampaso}, A. and {Parker}, Q. and {DePew}, K. and {Sale}, S.~E. and 
	{Unruh}, Y.~C. and {Vink}, J.~S. and {Rodr{\'{\i}}guez-Gil}, P. and 
	{Barlow}, M.~J. and {Lennon}, D.~J. and {Groot}, P.~J. and {Giammanco}, C. and 
	{Zijlstra}, A.~A. and {Walton}, N.~A.},
   title = "{IPHAS and the symbiotic stars . II. New discoveries and a sample of the most common mimics}",
   journal = {\aap},
   archivePrefix = "arXiv",
   eprint = {0910.5930},
   keywords = {binaries: symbiotic, stars: emission-line, Be, stars: Wolf-Rayet, stars: pre-main sequence, surveys},
   year = 2010,
   month = jan,
   volume = 509,
   eid = {A41},
   pages = {A41},
   doi = {10.1051/0004-6361/200913231},
   adsurl = {http://adsabs.harvard.edu/abs/2010A%26A...509A..41C},
   adsnote = {Provided by the SAO/NASA Astrophysics Data System}}


@ARTICLE{Rodriguez:2014,
   author = {{Rodr{\'{\i}}guez-Flores}, E.~R. and {Corradi}, R.~L.~M. and 
	{Mampaso}, A. and {Garc{\'{\i}}a-Alvarez}, D. and {Munari}, U. and 
	{Greimel}, R. and {Rubio-D{\'{\i}}ez}, M.~M. and {Santander-Garc{\'{\i}}a}, M.
	},
   title = "{IPHAS and the symbiotic stars. III. New discoveries and their IR spectral energy distributions}",
   journal = {\aap},
   keywords = {binaries: symbiotic, surveys, stars: pre-main sequence, planetary nebulae: individual: IPHASJ191942.91+162128.0, stars: AGB and post-AGB},
   year = 2014,
   month = jul,
   volume = 567,
   eid = {A49},
   pages = {A49},
   doi = {10.1051/0004-6361/201323182},
   adsurl = {http://adsabs.harvard.edu/abs/2014A%26A...567A..49R},
   adsnote = {Provided by the SAO/NASA Astrophysics Data System}}

@ARTICLE{Patterson:1984,
   author = {{Patterson}, J.},
   title = "{The evolution of cataclysmic and low-mass X-ray binaries}",
   journal = {\apjs},
   keywords = {Binary Stars, Stellar Evolution, Stellar Mass Ejection, X Ray Binaries, X Ray Sources, X Ray Stars, Accretion Disks, Angular Momentum, Dwarf Novae, Orbital Elements, Star Distribution, Stellar Magnetic Fields, Stellar Rotation, Stellar Structure, Stellar Winds, Variable Stars, White Dwarf Stars},
   year = 1984,
   month = apr,
   volume = 54,
   pages = {443-493},
   doi = {10.1086/190940},
   adsurl = {http://adsabs.harvard.edu/abs/1984ApJS...54..443P},
   adsnote = {Provided by the SAO/NASA Astrophysics Data System}}

@ARTICLE{Caswell:1987,
   author = {{Caswell}, J.~L. and {Haynes}, R.~F.},
   title = "{Southern H II regions - an extensive study of radio recombination line emission}",
   journal = {\aap},
   keywords = {Emission Spectra, H Ii Regions, Hydrogen Recombinations, Line Spectra, Milky Way Galaxy, Radio Spectra, Electron Energy, Formaldehyde, Spiral Galaxies, Supernova Remnants, Tables (Data), Visible Spectrum},
   year = 1987,
   month = jan,
   volume = 171,
   pages = {261-276},
   adsurl = {http://adsabs.harvard.edu/abs/1987A%26A...171..261C},
   adsnote = {Provided by the SAO/NASA Astrophysics Data System}}

@ARTICLE{Mampaso:1984,
   author = {{Mampaso}, A. and {Gomez}, P. and {Sanchez-Magro}, C. and {Selby}, M.~J.},
   title = "{Infrared observations of H II regions - S128 and G134.2+0.8 (GL 333)}",
   journal = {\mnras},
   keywords = {H Ii Regions, Infrared Astronomy, Interstellar Gas, Stellar Evolution, Astronomical Spectroscopy, Near Infrared Radiation, Radio Sources (Astronomy), Spectral Energy Distribution, Stellar Spectra},
   year = 1984,
   month = apr,
   volume = 207,
   pages = {465-470},
   doi = {10.1093/mnras/207.3.465},
   adsurl = {http://adsabs.harvard.edu/abs/1984MNRAS.207..465M},
   adsnote = {Provided by the SAO/NASA Astrophysics Data System}}

@ARTICLE{Bohigas:2003,
   author = {{Bohigas}, J. and {Tapia}, M.},
   title = "{Sh 2-128: An H II and Star-forming Region in the Galactic Outback}",
   journal = {\aj},
   keywords = {ISM: H II Regions, ISM: individual (Sh 2-128), Stars: Formation},
   year = 2003,
   month = oct,
   volume = 126,
   pages = {1861-1870},
   doi = {10.1086/378054},
   adsurl = {http://adsabs.harvard.edu/abs/2003AJ....126.1861B},
   adsnote = {Provided by the SAO/NASA Astrophysics Data System}}

@ARTICLE{Kimeswenger:1998,
   author = {{Kimeswenger}, S.},
   title = "{On the nature of the Galactic nebula We 1-12}",
   journal = {\mnras},
   keywords = {H Ii Regions, Interstellar Matter, Infrared Astronomy Satellite, Planetary Nebulae, Iue, Astronomical Spectroscopy},
   year = 1998,
   month = feb,
   volume = 294,
   pages = {312},
   doi = {10.1046/j.1365-8711.1998.01258.x},
   adsurl = {http://adsabs.harvard.edu/abs/1998MNRAS.294..312K},
   adsnote = {Provided by the SAO/NASA Astrophysics Data System}}

@ARTICLE{Ogura:1994,
   author = {{Ogura}, K. and {Noumaru}, J.},
   title = "{Discovery of an extremely high excitation Herbig-Haro object in southeastern VELA}",
   journal = {\aj},
   keywords = {Astronomical Photometry, Astronomical Spectroscopy, Herbig-Haro Objects, Infrared Astronomy, Astrometry, Calibrating, Charge Coupled Devices, Data Reduction, H Alpha Line, H Beta Line, Infrared Astronomy Satellite, Planetary Nebulae, Reflector Antennas},
   year = 1994,
   month = oct,
   volume = 108,
   pages = {1427-1431},
   doi = {10.1086/117165},
   adsurl = {http://adsabs.harvard.edu/abs/1994AJ....108.1427O},
   adsnote = {Provided by the SAO/NASA Astrophysics Data System}}

@ARTICLE{Gyulbudaghian:2004,
   author = {{Gyulbudaghian}, A.~L. and {May}, J. and {Gonz{\'a}lez}, L. and 
	{M{\'e}ndez}, R.~A.},
   title = "{Nebulous Objects in the Southern Hemisphere}",
   journal = {\rmxaa},
   keywords = {ISM: H 0 regions -- ISM: Herbig-Haro objects -- stars: early-type -- stars: flare -- stars: formation -- surveys},
   year = 2004,
   month = oct,
   volume = 40,
   pages = {137-146},
   adsurl = {http://adsabs.harvard.edu/abs/2004RMxAA..40..137G},
   adsnote = {Provided by the SAO/NASA Astrophysics Data System}}

@ARTICLE{Roman:2006,
   author = {{Roman-Lopes}, A. and {Abraham}, Z.},
   title = "{The True Nature of the Alleged Planetary Nebula W16-185}",
   journal = {\aj},
   eprint = {astro-ph/0601064},
   keywords = {ISM: Dust, Extinction, ISM: H II Regions, Infrared: Stars, Stars: Formation, Stars: Pre-Main-Sequence},
   year = 2006,
   month = apr,
   volume = 131,
   pages = {2223-2232},
   doi = {10.1086/500428},
   adsurl = {http://adsabs.harvard.edu/abs/2006AJ....131.2223R},
   adsnote = {Provided by the SAO/NASA Astrophysics Data System}}

@ARTICLE{Crowther:2007,
   author = {{Crowther}, P.~A.},
   title = "{Physical Properties of Wolf-Rayet Stars}",
   journal = {\araa},
   eprint = {astro-ph/0610356},
   year = 2007,
   month = sep,
   volume = 45,
   pages = {177-219},
   doi = {10.1146/annurev.astro.45.051806.110615},
   adsurl = {http://adsabs.harvard.edu/abs/2007ARA%26A..45..177C},
   adsnote = {Provided by the SAO/NASA Astrophysics Data System}}


@ARTICLE{Riesgo:2005,
   author = {{Riesgo}, H. and {L{\'o}pez}, J.~A.},
   title = "{H 2-12, A Misidentified Planetary Nebula in Kepler SNR}",
   journal = {\rmxaa},
   keywords = {hydrodynamics, ISM: individual (H 2-12), ISM: jets and outflows, ISM: planetary nebulae, ISM: supernova remnants},
   year = 2005,
   month = apr,
   volume = 41,
   pages = {57-60},
   adsurl = {http://adsabs.harvard.edu/abs/2005RMxAA..41...57R},
   adsnote = {Provided by the SAO/NASA Astrophysics Data System}}

@INPROCEEDINGS{Parker:2003,
   author = {{Parker}, Q.~A. and {Hartley}, M. and {Russeil}, D. and {Acker}, A. and 
	{Ochsenbein}, F. and {Morgan}, D.~H. and {Beaulieu}, S. and 
	{Morris}, R. and {Phillipps}, S. and {Cohen}, M.},
   title = "{The Edinburgh/AAO/Strasbourg Catalogue of Galactic Planetary Nebulae}",
   booktitle = {Planetary Nebulae: Their Evolution and Role in the Universe},
   year = 2003,
   series = {IAU Symposium},
   volume = 209,
   editor = {{Kwok}, S. and {Dopita}, M. and {Sutherland}, R.},
   pages = {41},
   adsurl = {http://adsabs.harvard.edu/abs/2003IAUS..209...41P},
   adsnote = {Provided by the SAO/NASA Astrophysics Data System}}

@ARTICLE{Sabbadin:1977,
   author = {{Sabbadin}, F. and {Minello}, S. and {Bianchini}, A.},
   title = "{Sharpless 176: a large, nearby planetary nebula.}",
   journal = {\aap},
   year = 1977,
   month = aug,
   volume = 60,
   pages = {147-149},
   adsurl = {http://adsabs.harvard.edu/abs/1977A%26A....60..147S},
   adsnote = {Provided by the SAO/NASA Astrophysics Data System}}

@INPROCEEDINGS{Canto:1981,
   author = {{Canto}, J.},
   title = "{Herbig-Haro objects - Recent observational and theoretical developments}",
   keywords = {Astronomical Models, Herbig-Haro Objects, Nebulae, Shock Heating, Stellar Evolution, Stellar Winds, Astronomical Photometry, Early Stars, Line Spectra, Optical Properties, Radial Velocity},
   booktitle = {Investigating the Universe},
   year = 1981,
   series = {Astrophysics and Space Science Library},
   volume = 91,
   editor = {{Kahn}, F.~D.},
   pages = {95-124},
   doi = {10.1007/978-94-009-8534-6_4},
   adsurl = {http://adsabs.harvard.edu/abs/1981ASSL...91...95C},
   adsnote = {Provided by the SAO/NASA Astrophysics Data System}}


@ARTICLE{Fesen:1985,
   author = {{Fesen}, R.~A. and {Blair}, W.~P. and {Kirshner}, R.~P.},
    title = "{Optical emission-line properties of evolved galactic supernova remnants}",
  journal = {\apj},
 keywords = {Emission Spectra, Nebulae, Optical Emission Spectroscopy, Supernova Remnants, Abundance, Data Reduction, Galactic Evolution, H Ii Regions, H Lines, Interstellar Matter, Red Shift, Stellar Spectrophotometry},
     year = 1985,
    month = may,
   volume = 292,
    pages = {29-48},
      doi = {10.1086/163130},
   adsurl = {http://adsabs.harvard.edu/abs/1985ApJ...292...29F},
  adsnote = {Provided by the SAO/NASA Astrophysics Data System}}

@INPROCEEDINGS{Riesgo:2002,
   author = {{Riesgo-Tirado}, H. and {L{\'o}pez}, J.~A.},
    title = "{Diagnostic Diagrams of Electron Density Versus Excitation for Planetary Nebulae}",
 keywords = {CIRCUMSTELLAR MATTER, DUST, EXTINCTION, METHODS: NUMERICAL, PLANETARY NEBULAE: INDIVIDUAL (V605 AQL)},
booktitle = {Revista Mexicana de Astronomia y Astrofisica Conference Series},
     year = 2002,
   series = {Revista Mexicana de Astronomia y Astrofisica Conference Series},
   volume = 12,
   editor = {{Henney}, W.~J. and {Franco}, J. and {Martos}, M.},
    month = feb,
    pages = {174-174},
   adsurl = {http://adsabs.harvard.edu/abs/2002RMxAC..12..174R},
  adsnote = {Provided by the SAO/NASA Astrophysics Data System}}

@ARTICLE{Adams:1984,
   author = {{Adams}, S. and {Seaton}, M.~J. and {Howarth}, I.~D. and {Auriere}, M. and 
	{Walsh}, J.~R.},
    title = "{K648, the planetary nebula in the globular cluster M15}",
  journal = {\mnras},
 keywords = {Globular Clusters, Planetary Nebulae, Ultraviolet Astronomy, Absorption Spectra, Abundance, Interstellar Extinction, Iue, Spectrophotometry, Stellar Magnitude, Stellar Temperature},
     year = 1984,
    month = apr,
   volume = 207,
    pages = {471-489},
      doi = {10.1093/mnras/207.3.471},
   adsurl = {http://adsabs.harvard.edu/abs/1984MNRAS.207..471A},
  adsnote = {Provided by the SAO/NASA Astrophysics Data System}}

@ARTICLE{Clegg:1987,
   author = {{Clegg}, R.~E.~S. and {Peimbert}, M. and {Torres-Peimbert}, S.
	},
    title = "{The carbon-poor halo planetary nebula DDDM-1}",
  journal = {\mnras},
 keywords = {Abundance, Astronomical Spectroscopy, Planetary Nebulae, Stellar Composition, Stellar Evolution, Carbon, Photoionization, Stellar Spectra, Ultraviolet Spectra},
     year = 1987,
    month = feb,
   volume = 224,
    pages = {761-779},
      doi = {10.1093/mnras/224.3.761},
   adsurl = {http://adsabs.harvard.edu/abs/1987MNRAS.224..761C},
  adsnote = {Provided by the SAO/NASA Astrophysics Data System}
}

@ARTICLE{Pena:1989,
   author = {{Pena}, M. and {Ruiz}, M.~T. and {Maza}, J. and {Gonzalez}, L.~E.
	},
    title = "{A New Halo Planetary Nebula}",
  journal = {\rmxaa},
     year = 1989,
    month = sep,
   volume = 18,
   adsurl = {http://adsabs.harvard.edu/abs/1989RMxAA..18..184P},
  adsnote = {Provided by the SAO/NASA Astrophysics Data System}
}

@ARTICLE{Shaw:1987,
   author = {{Shaw}, R.~A. and {Bidelman}, W.~P.},
    title = "{NGC 2242 - A newly-discovered planetary nebula}",
  journal = {\pasp},
 keywords = {Abundance, Emission Spectra, Line Spectra, Planetary Nebulae, Electron Energy, Ion Production Rates, Radiant Flux Density},
     year = 1987,
    month = jan,
   volume = 99,
    pages = {27-30},
      doi = {10.1086/131951},
   adsurl = {http://adsabs.harvard.edu/abs/1987PASP...99...27S},
  adsnote = {Provided by the SAO/NASA Astrophysics Data System}
}

@ARTICLE{Torres:1990,
   author = {{Torres-Peimbert}, S. and {Peimbert}, M. and {Pena}, M.},
    title = "{Planetary nebulae with a high degree of ionization - NGC 2242 and NGC 4361}",
  journal = {\aap},
 keywords = {Abundance, Gas Ionization, Halos, Planetary Nebulae, Ultraviolet Spectra, Chemical Composition, Iue, Line Spectra},
     year = 1990,
    month = jul,
   volume = 233,
    pages = {540-552},
   adsurl = {http://adsabs.harvard.edu/abs/1990A%26A...233..540T},
  adsnote = {Provided by the SAO/NASA Astrophysics Data System}
}

@ARTICLE{Pena:1991,
   author = {{Pena}, M. and {Torres-Peimbert}, S. and {Ruiz}, M.~T.},
    title = "{The halo planetary nebulae M 2-29 and BB-1}",
  journal = {\pasp},
 keywords = {Astronomical Photometry, Halos, Iue, Planetary Nebulae, Spectrophotometry, Stellar Evolution, Chemical Composition, Chemical Evolution, Stellar Mass},
     year = 1991,
    month = aug,
   volume = 103,
    pages = {865-873},
      doi = {10.1086/132896},
   adsurl = {http://adsabs.harvard.edu/abs/1991PASP..103..865P},
  adsnote = {Provided by the SAO/NASA Astrophysics Data System}
}

@INPROCEEDINGS{Dalnodar:2012,
   author = {{Dalnodar}, S.},
    title = "{The ionization state of the halo planetary nebula NGC 2438}",
 keywords = {planetary nebulae: individual (NGC 2438),},
booktitle = {IAU Symposium},
     year = 2012,
   series = {IAU Symposium},
   volume = 283,
archivePrefix = "arXiv",
   eprint = {1109.5609},
    month = aug,
    pages = {338-339},
      doi = {10.1017/S1743921312011313},
   adsurl = {http://adsabs.harvard.edu/abs/2012IAUS..283..338D},
  adsnote = {Provided by the SAO/NASA Astrophysics Data System}
}

@ARTICLE{Pereira:2007,
   author = {{Pereira}, C.-B. and {Miranda}, L.-F.},
    title = "{Identification of PN G232.0+05.7 as a new halo planetary nebula and of IRAS 19336-0400 as a new type III planetary nebula}",
  journal = {\aap},
 keywords = {planetary nebulae: individual: PN G232.0+05.7, planetary nebulae: individual: IRAS 19336+0400},
     year = 2007,
    month = jun,
   volume = 467,
    pages = {1249-1252},
      doi = {10.1051/0004-6361:20077154},
   adsurl = {http://adsabs.harvard.edu/abs/2007A%26A...467.1249P},
  adsnote = {Provided by the SAO/NASA Astrophysics Data System}
}

@ARTICLE{Napiwotzk:1994,
   author = {{Napiwotzki}, R. and {Heber}, U. and {Koeppen}, J.},
    title = "{Analysis of BD+33 deg 2642: A newly detected planetary nebula in the galactic halo and its central star}",
  journal = {\aap},
 keywords = {B Stars, Computational Astrophysics, Cosmic Dust, Galactic Halos, Interstellar Gas, Planetary Nebulae, Spectrum Analysis, Stellar Atmospheres, Stellar Mass, Stellar Temperature, Abundance, Chemical Composition, Emission Spectra, Line Spectra, Metals, Photoionization, Stellar Evolution},
     year = 1994,
    month = dec,
   volume = 292,
    pages = {239-248},
   adsurl = {http://adsabs.harvard.edu/abs/1994A%26A...292..239N},
  adsnote = {Provided by the SAO/NASA Astrophysics Data System}
}

@ARTICLE{Miszalski:2008,
   author = {{Miszalski}, B. and {Parker}, Q.~A. and {Acker}, A. and {Birkby}, J.~L. and 
	{Frew}, D.~J. and {Kovacevic}, A.},
    title = "{MASH-II: more planetary nebulae from the AAO/UKST H{$\alpha$} survey}",
  journal = {\mnras},
archivePrefix = "arXiv",
   eprint = {0711.2923},
 keywords = {astronomical data bases: miscellaneous , catalogues , surveys , planetary nebulae: general},
     year = 2008,
    month = feb,
   volume = 384,
    pages = {525-534},
      doi = {10.1111/j.1365-2966.2007.12727.x},
   adsurl = {http://adsabs.harvard.edu/abs/2008MNRAS.384..525M},
  adsnote = {Provided by the SAO/NASA Astrophysics Data System}
}


@ARTICLE{Costa:1996,
   author = {{Costa}, R.~D.~D. and {Chiappini}, C. and {Maciel}, W.~J. and 
	{de Freitas Pacheco}, J.~A.},
   title = "{New abundances of southern planetary nebulae.}",
   journal = {\aaps},
   keywords = {PLANETARY NEBULAE: GENERAL, ISM: ABUNDANCES},
   year = 1996,
   month = apr,
   volume = 116,
   pages = {249-256},
   adsurl = {http://adsabs.harvard.edu/abs/1996A%26AS..116..249C},
   adsnote = {Provided by the SAO/NASA Astrophysics Data System}}

@ARTICLE{Otsuka:2015,
   Author = {{Otsuka}, M. and {Hyung}, S. and {Tajitsu}, A.},
   title = "{Chemical Abundances and Dust in the Halo Planetary Nebula K648 in M15: Its Origin and Evolution Based on an Analysis of Multiwavelength Data}",
   journal = {\apjs},
   archivePrefix = "arXiv",
   eprint = {1502.03072},
   primaryClass = "astro-ph.SR",
   keywords = {dust, extinction, ISM: abundances, planetary nebulae: individual: K648, stars: Population II},
   year = 2015,
   month = apr,
   volume = 217,
   eid = {22},
   pages = {22},
   doi = {10.1088/0067-0049/217/2/22},
   adsurl = {http://adsabs.harvard.edu/abs/2015ApJS..217...22O},
   adsnote = {Provided by the SAO/NASA Astrophysics Data System}}

@ARTICLE{Goncalves:2012,
   author = {{Gon{\c c}alves}, D.~R. and {Teodorescu}, A.~M. and {Alves-Brito}, A. and 
	{M{\'e}ndez}, R.~H. and {Magrini}, L.},
    title = "{A kinematic study of planetary nebulae in the dwarf irregular galaxy IC10}",
  journal = {\mnras},
archivePrefix = "arXiv",
   eprint = {1207.4459},
 keywords = {galaxies: dwarf, galaxies: individual: IC10, galaxies: kinematics and dynamics, Local Group, galaxies: starburst, distance scale},
     year = 2012,
    month = oct,
   volume = 425,
    pages = {2557-2566},
      doi = {10.1111/j.1365-2966.2012.21726.x},
   adsurl = {http://adsabs.harvard.edu/abs/2012MNRAS.425.2557G},
  adsnote = {Provided by the SAO/NASA Astrophysics Data System}
}

@ARTICLE{Parker:2012,
   author = {{Parker}, Q.~A. and {Cohen}, M. and {Stupar}, M. and {Frew}, D.~J. and 
	{Green}, A.~J. and {Bojicic}, I. and {Guzman-Ramirez}, L. and 
	{Sabin}, L. and {Vogt}, F.},
   title = "{Discovery of planetary nebulae using predictive mid-infrared diagnostics}",
   journal = {\mnras},
   archivePrefix = "arXiv",
   eprint = {1208.4164},
   primaryClass = "astro-ph.IM",
   keywords = {H II regions, planetary nebulae: general, infrared: ISM, radio continuum: general},
   year = 2012,
   month = dec,
   volume = 427,
   pages = {3016-3028},
   doi = {10.1111/j.1365-2966.2012.21927.x},
   adsurl = {http://adsabs.harvard.edu/abs/2012MNRAS.427.3016P},
   adsnote = {Provided by the SAO/NASA Astrophysics Data System}}

@ARTICLE{Iben:1983,
   author = {{Iben}, Jr., I. and {Renzini}, A.},
   title = "{Asymptotic giant branch evolution and beyond}",
   journal = {\araa},
   keywords = {Asymptotic Giant Branch Stars, Giant Stars, Stellar Evolution, Stellar Mass Ejection, Supernovae, White Dwarf Stars, Abundance, Pulsed Radiation, Star Clusters, Stellar Spectrophotometry, Thermal Radiation},
   year = 1983,
   volume = 21,
   pages = {271-342},
   doi = {10.1146/annurev.aa.21.090183.001415},
   adsurl = {http://adsabs.harvard.edu/abs/1983ARA%26A..21..271I},
   adsnote = {Provided by the SAO/NASA Astrophysics Data System}}

@ARTICLE{Pereira:2013,
   author = {{Pereira}, C.~B. and {Jilinski}, E.~G. and {Drake}, N.~A. and 
	{Ortega}, V.~G. and {Roig}, F.},
   title = "{A study of two high-velocity red horizontal branch stars}",
   journal = {\aap},
   keywords = {stars: horizontal-branch, Galaxy: kinematics and dynamics, stars: evolution},
   year = 2013,
   month = nov,
   volume = 559,
   eid = {A12},
   pages = {A12},
   doi = {10.1051/0004-6361/201221012},
   adsurl = {http://adsabs.harvard.edu/abs/2013A%26A...559A..12P},
   adsnote = {Provided by the SAO/NASA Astrophysics Data System}}

@ARTICLE{Viironen:2009a,
   Author = {{Viironen}, K. and {Greimel}, R. and {Corradi}, R.~L.~M. and 
	{Mampaso}, A. and {Rodr{\'{\i}}guez}, M. and {Sabin}, L. and 
	{Delgado-Inglada}, G. and {Drew}, J.~E. and {Giammanco}, C. and 
	{Gonz{\'a}lez-Solares}, E.~A. and {Irwin}, M.~J. and {Miszalski}, B. and 
	{Parker}, Q.~A. and {Rodr{\'{\i}}guez-Flores}, E.~R. and {Zijlstra}, A.
	},
   title = "{Candidate planetary nebulae in the IPHAS photometric catalogue}",
   journal = {\aap},
   archivePrefix = "arXiv",
   eprint = {0906.1792},
   keywords = {surveys, ISM: planetary nebulae: general, stars: binaries: symbiotic},
   year = 2009,
   month = sep,
   volume = 504,
   pages = {291-301},
   doi = {10.1051/0004-6361/200912002},
   adsurl = {http://adsabs.harvard.edu/abs/2009A%26A...504..291V},
   adsnote = {Provided by the SAO/NASA Astrophysics Data System}}

@ARTICLE{Viironen:2009,
   author = {{Viironen}, K. and {Mampaso}, A. and {Corradi}, R.~L.~M. and 
	{Rodr{\'{\i}}guez}, M. and {Greimel}, R. and {Sabin}, L. and 
	{Sale}, S.~E. and {Unruh}, Y. and {Delgado-Inglada}, G. and 
	{Drew}, J.~E. and {Giammanco}, C. and {Groot}, P. and {Parker}, Q.~A. and 
	{Sokoloski}, J. and {Zijlstra}, A.},
    title = "{New young planetary nebulae in IPHAS}",
  journal = {\aap},
archivePrefix = "arXiv",
   eprint = {0904.1937},
 keywords = {surveys, ISM: planetary nebulae: general, stars: binaries: symbiotic},
     year = 2009,
    month = jul,
   volume = 502,
    pages = {113-129},
      doi = {10.1051/0004-6361/200811575},
   adsurl = {http://adsabs.harvard.edu/abs/2009A%26A...502..113V},
  adsnote = {Provided by the SAO/NASA Astrophysics Data System}
}

@ARTICLE{Bessell:2005,
   author = {{Bessell}, M.~S.},
    title = "{Standard Photometric Systems}",
  journal = {\araa},
     year = 2005,
    month = sep,
   volume = 43,
    pages = {293-336},
      doi = {10.1146/annurev.astro.41.082801.100251},
   adsurl = {http://adsabs.harvard.edu/abs/2005ARA%26A..43..293B},
  adsnote = {Provided by the SAO/NASA Astrophysics Data System}
}

@ARTICLE{Aparicio:2010,
   author = {{Aparicio Villegas}, T. and {Alfaro}, E.~J. and {Cabrera-Ca{\~n}o}, J. and 
	{Moles}, M. and {Ben{\'{\i}}tez}, N. and {Perea}, J. and {del Olmo}, A. and 
	{Fern{\'a}ndez-Soto}, A. and {Crist{\'o}bal-Hornillos}, D. and 
	{Husillos}, C. and {Aguerri}, J.~A.~L. and {Broadhurst}, T. and 
	{Castander}, F.~J. and {Cepa}, J. and {Cervi{\~n}o}, M. and 
	{Gonz{\'a}lez Delgado}, R.~M. and {Infante}, L. and {M{\'a}rquez}, I. and 
	{Masegosa}, J. and {Mart{\'{\i}}nez}, V.~J. and {Prada}, F. and 
	{Quintana}, J.~M. and {S{\'a}nchez}, S.~F.},
    title = "{The ALHAMBRA Photometric System}",
    journal = {\aj},
    archivePrefix = "arXiv",
    eprint = {1001.3383},
    primaryClass = "astro-ph.IM",
    keywords = {cosmology: observations, galaxies: distances and redshifts, instrumentation: photometers, standards, stars: fundamental parameters, techniques: photometric},
    year = 2010,
    month = mar,
    volume = 139,
    pages = {1242-1253},
    doi = {10.1088/0004-6256/139/3/1242},
    adsurl = {http://adsabs.harvard.edu/abs/2010AJ....139.1242A},
    adsnote = {Provided by the SAO/NASA Astrophysics Data System}}

@ARTICLE{Oke:1983,
    author = {{Oke}, J.~B. and {Gunn}, J.~E.},
    title = "{Secondary standard stars for absolute spectrophotometry}",
    journal = {\apj},
    keywords = {Reference Stars, Spectral Energy Distribution, Stellar Spectrophotometry, Subdwarf Stars, Calibrating, Line Spectra},
    year = 1983,
    month = mar,
    volume = 266,
    pages = {713-717},
    doi = {10.1086/160817},
    adsurl = {http://adsabs.harvard.edu/abs/1983ApJ...266..713O},
    adsnote = {Provided by the SAO/NASA Astrophysics Data System}}

@ARTICLE{Munari:2002,
   author = {{Munari}, U. and {Jurdana-{\v S}epi{\'c}}, R.},
   title = "{Symbiotic stars on Asiago archive plates. II}",
   journal = {\aap},
   eprint = {astro-ph/0202118},
   keywords = {Stars: Binaries: Symbiotic},
   year = 2002,
   month = apr,
   volume = 386,
   pages = {237-243},
   doi = {10.1051/0004-6361:20020201},
   adsurl = {http://adsabs.harvard.edu/abs/2002A%26A...386..237M},
   adsnote = {Provided by the SAO/NASA Astrophysics Data System}}

@INPROCEEDINGS{Magrini:2012,
   author = {{Magrini}, L. and {Stanghellini}, L. and {Gon{\c c}alves}, D.~R.},
   title = "{Extragalactic planetary nebulae: Tracers of the chemical evolution of nearby galaxies}",
   keywords = {techniques: spectroscopic, ISM: abundances, ISM: evolution, HII regions, planetary nebulae: general, galaxies: irregular, galaxies: spiral, Local Group, galaxies: evolution, galaxies: abundances,},
   booktitle = {IAU Symposium},
   year = 2012,
   series = {IAU Symposium},
   volume = 283,
   archivePrefix = "arXiv",
   eprint = {1110.1186},
   primaryClass = "astro-ph.CO",
   month = aug,
   pages = {251-258},
   doi = {10.1017/S1743921312011040},
   adsurl = {http://adsabs.harvard.edu/abs/2012IAUS..283..251M},
   adsnote = {Provided by the SAO/NASA Astrophysics Data System}}

@ARTICLE{Vilella:2015,
   author = {{Vilella-Rojo}, G. and {Viironen}, K. and {L{\'o}pez-Sanjuan}, C. and 
	{Cenarro}, A.~J. and {Varela}, J. and {D{\'{\i}}az-Garc{\'{\i}}a}, L.~A. and 
	{Crist{\'o}bal-Hornillos}, D. and {Ederoclite}, A. and {Mar{\'{\i}}n-Franch}, A. and 
	{Moles}, M.},
   title = "{Extracting H{$\alpha$} flux from photometric data in the J-PLUS survey}",
   journal = {\aap},
   archivePrefix = "arXiv",
   eprint = {1505.07115},
   keywords = {methods: data analysis, techniques: photometric, galaxies: statistics, galaxies: star formation},
   year = 2015,
   month = aug,
   volume = 580,
   eid = {A47},
   pages = {A47},
   doi = {10.1051/0004-6361/201526374},
   adsurl = {http://adsabs.harvard.edu/abs/2015A%26A...580A..47V},
   adsnote = {Provided by the SAO/NASA Astrophysics Data System}}

@ARTICLE{Parker:2005,
   author = {{Parker}, Q.~A. and {Phillipps}, S. and {Pierce}, M.~J. and 
	{Hartley}, M. and {Hambly}, N.~C. and {Read}, M.~A. and {MacGillivray}, H.~T. and 
	{Tritton}, S.~B. and {Cass}, C.~P. and {Cannon}, R.~D. and {Cohen}, M. and 
	{Drew}, J.~E. and {Frew}, D.~J. and {Hopewell}, E. and {Mader}, S. and 
	{Malin}, D.~F. and {Masheder}, M.~R.~W. and {Morgan}, D.~H. and 
	{Morris}, R.~A.~H. and {Russeil}, D. and {Russell}, K.~S. and 
	{Walker}, R.~N.~F.},
    title = "{The AAO/UKST SuperCOSMOS H{$\alpha$} survey}",
    journal = {\mnras},
    eprint = {astro-ph/0506599},
    keywords = {astronomical data bases: miscellaneous, catalogues, surveys, stars: emission line, photometry},
    year = 2005,
    month = sep,
    volume = 362,
    pages = {689-710},
    doi = {10.1111/j.1365-2966.2005.09350.x},
    adsurl = {http://adsabs.harvard.edu/abs/2005MNRAS.362..689P},
    adsnote = {Provided by the SAO/NASA Astrophysics Data System}}

@INPROCEEDINGS{Gruel:2012,
   author = {{Gruel}, N. and {Moles}, M. and {Varela}, J. and {Crist{\'o}bal-Hornillos}, D. and 
	{Ederoclite}, A. and {Cenarro}, A.~J. and {Mar{\'{\i}}n-Franch}, A. and 
	{Chueca}, S. and {Yanes-D{\'{\i}}az}, A. and {Rueda-Teruel}, F. and 
	{Rueda-Teruel}, S. and {Luis-Simoes}, R. and {L{\'o}pez-Sainz}, A. and 
	{Hern{\'a}ndez Fuertes}, J.},
   title = "{Calibration plan for J-PAS and J-PLUS surveys}",
   booktitle = {Observatory Operations: Strategies, Processes, and Systems IV},
   year = 2012,
   series = {\procspie},
   volume = 8448,
   month = sep,
   eid = {84481V},
   pages = {84481V},
   doi = {10.1117/12.925581},
   adsurl = {http://adsabs.harvard.edu/abs/2012SPIE.8448E..1VG},
   adsnote = {Provided by the SAO/NASA Astrophysics Data System}}

@INPROCEEDINGS{Marin:2012,
   author = {{Marin-Franch}, A. and {Taylor}, K. and {Cepa}, J. and {Laporte}, R. and 
	{Cenarro}, A.~J. and {Chueca}, S. and {Cristobal-Hornillos}, D. and 
	{Ederoclite}, A. and {Gruel}, N. and {Hern{\'a}ndez-Fuertes}, J. and 
	{L{\'o}pez-Sainz}, A. and {Luis-Simoes}, R. and {Moles}, M. and 
	{Rueda-Teruel}, F. and {Rueda-Teruel}, S. and {Varela}, J. and 
	{Yanes-D{\'{\i}}az}, A. and {Benitez}, N. and {Dupke}, R. and 
	{Fern{\'a}ndez-Soto}, A. and {Mendes de Oliveira}, C. and {Sims}, G. and 
	{Sodr{\'e}}, L. and {Toerne}, K.},
    title = "{T80Cam: the wide field camera for the OAJ 83-cm telescope}",
    booktitle = {Ground-based and Airborne Instrumentation for Astronomy IV},
    year = 2012,
    series = {\procspie},
    volume = 8446,
    month = sep,
    eid = {84466H},
    pages = {84466H},
    doi = {10.1117/12.925422},
    adsurl = {http://adsabs.harvard.edu/abs/2012SPIE.8446E..6HM},
    adsnote = {Provided by the SAO/NASA Astrophysics Data System}}

@INPROCEEDINGS{Grue:2012a,
    author = {{Gruel}, N. and {Moles}, M. and {Varela}, J. and {Crist{\'o}bal-Hornillos}, D. and 
	{Ederoclite}, A. and {Cenarro}, A.~J. and {Mar{\'{\i}}n-Franch}, A. and 
	{Chueca}, S. and {Yanes-D{\'{\i}}az}, A. and {Rueda-Teruel}, F. and 
	{Rueda-Teruel}, S. and {Luis-Simoes}, R. and {L{\'o}pez-Sainz}, A. and 
	{Hern{\'a}ndez Fuertes}, J.},
    title = "{Calibration plan for J-PAS and J-PLUS surveys}",
    booktitle = {Observatory Operations: Strategies, Processes, and Systems IV},
    year = 2012,
    series = {\procspie},
    volume = 8448,
    month = sep,
    eid = {84481V},
    pages = {84481V},
    doi = {10.1117/12.925581},
    adsurl = {http://adsabs.harvard.edu/abs/2012SPIE.8448E..1VG},
    adsnote = {Provided by the SAO/NASA Astrophysics Data System}}

@INPROCEEDINGS{Cenaro:2014,
   author = {{Cenarro}, A.~J. and {Moles}, M. and {Mar{\'{\i}}n-Franch}, A. and 
	{Crist{\'o}bal-Hornillos}, D. and {Yanes D{\'{\i}}az}, A. and 
	{Ederoclite}, A. and {Varela}, J. and {V{\'a}zquez-Rami{\'o}}, H. and 
	{Valdivielso}, L. and {Ben{\'{\i}}tez}, N. and {Cepa}, J. and 
	{Dupke}, R. and {Fern{\'a}ndez-Soto}, A. and {Mendes de Oliveira}, C. and 
	{Sodr{\'e}}, L. and {Taylor}, K. and {Rueda-Teruel}, S. and 
	{Rueda-Teruel}, F. and {Luis-Simoes}, R. and {Chueca}, S. and 
	{Ant{\'o}n}, J.~L. and {Bello}, R. and {D{\'{\i}}az-Mart{\'{\i}}n}, M.~C. and 
	{Guill{\'e}n-Civera}, L. and {Hern{\'a}ndez-Fuertes}, J. and 
	{Iglesias-Marzoa}, R. and {Jim{\'e}nez-Mej{\'{\i}}as}, D. and 
	{Lasso-Cabrera}, N.~M. and {L{\'o}pez-Alegre}, G. and {L{\'o}pez-Sainz}, A. and 
	{Rodr{\'{\i}}guez-Hern{\'a}ndez}, M.~A.~C. and {Su{\'a}rez}, O. and 
	{Lamadrid}, J.~L. and {Ma{\'{\i}}cas}, N. and {Abril-Iba{\~n}ez}, J. and 
	{Tilve}, V. and {Rodr{\'{\i}}guez-Llano}, S.},
    title = "{The Observatorio Astrof{\'{\i}}sico de Javalambre: current status, developments, operations, and strategies}",
    booktitle = {Observatory Operations: Strategies, Processes, and Systems V},
    year = 2014,
    series = {\procspie},
    volume = 9149,
    month = aug,
    eid = {91491I},
    pages = {91491I},
    doi = {10.1117/12.2055455},
    adsurl = {http://adsabs.harvard.edu/abs/2014SPIE.9149E..1IC},
    adsnote = {Provided by the SAO/NASA Astrophysics Data System}}

@ARTICLE{Dias:2016,
    author = {{Dias}, B. and {Barbuy}, B. and {Saviane}, I. and {Held}, E.~V. and 
	{Da Costa}, G.~S. and {Ortolani}, S. and {Gullieuszik}, M. and 
	{V{\'a}squez}, S.},
    title = "{FORS2/VLT survey of Milky Way globular clusters. II. Fe and Mg abundances of 51 Milky Way globular clusters on a homogeneous scale}",
    journal = {\aap},
    archivePrefix = "arXiv",
    eprint = {1603.02672},
    keywords = {stars: abundances, stars: kinematics and dynamics, stars: Population, II, Galaxy: stellar content, Galaxy: evolution, globular, clusters: general},
    year = 2016,
    month = may,
    volume = 590,
    eid = {A9},
    pages = {A9},
    doi = {10.1051/0004-6361/201526765},
    adsurl = {http://adsabs.harvard.edu/abs/2016A%26A...590A...9D},
    adsnote = {Provided by the SAO/NASA Astrophysics Data System}}

@PROCEEDINGS{Murtagh:1987,
    title = "{Multivariate Data Analysis}",
    booktitle = {Astrophysics and Space Science Library},
    year = 1987,
    series = {Astrophysics and Space Science Library},
    volume = 131,
    editor = {{Murtagh}, F. and {Heck}, A.},
    pages = {236},
    doi = {10.1007/978-94-009-3789-5},
    adsurl = {http://adsabs.harvard.edu/abs/1987ASSL..131.....M},
    adsnote = {Provided by the SAO/NASA Astrophysics Data System}}

@ARTICLE{Pogson:1856,
    author = {{Pogson}, N.},
    title = "{Magnitudes of Thirty-six of the Minor Planets for the first day of each month of the year 1857}",
    journal = {\mnras},
    year = 1856,
    month = nov,
    volume = 17,
    pages = {12-15},
    doi = {10.1093/mnras/17.1.12},
    adsurl = {http://adsabs.harvard.edu/abs/1856MNRAS..17...12P},
    adsnote = {Provided by the SAO/NASA Astrophysics Data System}}

@ARTICLE{Zezas:2008,
   author = {{Zezas}, A. and {Orio}, M.},
   title = "{The symbiotic star SMC 3}",
   journal = {The Astronomer's Telegram},
   keywords = {X-ray, Binaries, Variables, Stars},
   year = 2008,
   month = feb,
   volume = 1379,
   adsurl = {http://adsabs.harvard.edu/abs/2008ATel.1379....1Z},
   adsnote = {Provided by the SAO/NASA Astrophysics Data System}}

@ARTICLE{Morgan:1992,
   author = {{Morgan}, D.~H.},
   title = "{Symbiotic stars in the Magellanic Clouds}",
   journal = {\mnras},
   keywords = {Carbon Stars, M Stars, Magellanic Clouds, Symbiotic Stars, Astronomical Photography, Emission Spectra, Schmidt Telescopes, Stellar Mass Accretion, Stellar Spectra, White Dwarf Stars},
   year = 1992,
   month = oct,
   volume = 258,
   pages = {639-646},
   doi = {10.1093/mnras/258.3.639},
   adsurl = {http://adsabs.harvard.edu/abs/1992MNRAS.258..639M},
   adsnote = {Provided by the SAO/NASA Astrophysics Data System}}

@ARTICLE{Schmid:1989,
   author = {{Schmid}, H.~M.},
   title = "{Identification of the emission bands at 6830, 7088 A}",
   journal = {\aap},
   keywords = {Binary Stars, Emission Spectra, Line Spectra, Oxygen Spectra, Stellar Spectra, Symbiotic Stars, Giant Stars, Hot Stars, Hydrogen, Raman Spectra, Scattering Cross Sections, Spectrum Analysis},
   year = 1989,
   month = mar,
   volume = 211,
   pages = {L31-L34},
   adsurl = {http://adsabs.harvard.edu/abs/1989A%26A...211L..31S},
   adsnote = {Provided by the SAO/NASA Astrophysics Data System}}

@ARTICLE{Crawford:1958,
   author = {{Crawford}, D.~L.},
   title = "{Two-Dimensional Spectral Classification by Narrow-Band Photometry for B Stats in Clusters and Associations.}",
   journal = {\apj},
   year = 1958,
   month = sep,
   volume = 128,
   pages = {185},
   doi = {10.1086/146536},
   adsurl = {http://adsabs.harvard.edu/abs/1958ApJ...128..185C},
   adsnote = {Provided by the SAO/NASA Astrophysics Data System}}

@ARTICLE{Munari:2002a,
   author = {{Munari}, U. and {Zwitter}, T.},
   title = "{A multi-epoch spectrophotometric atlas of symbiotic stars}",
   journal = {\aap},
   eprint = {astro-ph/0202274},
   keywords = {STARS: BINARIES: SYMBIOTIC, ATLASES},
   year = 2002,
   month = jan,
   volume = 383,
   pages = {188-196},
   doi = {10.1051/0004-6361:20011724},
   adsurl = {http://adsabs.harvard.edu/abs/2002A%26A...383..188M},
   adsnote = {Provided by the SAO/NASA Astrophysics Data System}}

@ARTICLE{Riesgo:2006a,
   author = {{Riesgo}, H. and {L{\'o}pez}, J.~A.},
   title = "{Revised Diagnostic Diagrams for Planetary Nebulae}",
   journal = {\rmxaa},
   eprint = {astro-ph/0602201},
   keywords = {ISM: Planetary Nebulae},
   year = 2006,
   month = apr,
   volume = 42,
   pages = {47-51},
   adsurl = {http://adsabs.harvard.edu/abs/2006RMxAA..42...47R},
   adsnote = {Provided by the SAO/NASA Astrophysics Data System}}

@ARTICLE{Sodre:1997,
   author = {{Sodre}, L. and {Cuevas}, H.},
   title = "{Global regularities in integrated galaxy spectra}",
   journal = {\mnras},
   eprint = {astro-ph/9612161},
   keywords = {METHODS: STATISTICAL, GALAXIES: EVOLUTION, GALAXIES: FUNDAMENTAL PARAMETERS, GALAXIES: STATISTICS},
   year = 1997,
   month = may,
   volume = 287,
   pages = {137-147},
   doi = {10.1093/mnras/287.1.137},
   adsurl = {http://adsabs.harvard.edu/abs/1997MNRAS.287..137S},
   adsnote = {Provided by the SAO/NASA Astrophysics Data System}}

@INPROCEEDINGS{Tomov:2003,
   author = {{Tomov}, T.},
   title = "{Spectroscopic Evidence for High Velocity Bipolar Outflows in Symbiotic Binaries}",
   booktitle = {Symbiotic Stars Probing Stellar Evolution},
   year = 2003,
   series = {Astronomical Society of the Pacific Conference Series},
   volume = 303,
   editor = {{Corradi}, R.~L.~M. and {Mikolajewska}, J. and {Mahoney}, T.~J.},
   pages = {376},
   adsurl = {http://adsabs.harvard.edu/abs/2003ASPC..303..376T},
   adsnote = {Provided by the SAO/NASA Astrophysics Data System}}

@ARTICLE{Jordan:1996,
    author = {{Jordan}, S. and {Schmutz}, W. and {Wolff}, B. and {Werner}, K. and 
	{Muerset}, U.},
    title = "{Extragalactic symbiotic systems. IV. The supersoft X-ray source SMC 3.}",
    journal = {\aap},
    eprint = {astro-ph/9604076},
    keywords = {BINARIES: SYMBIOTIC, STARS: FUNDAMENTAL PARAMETERS, STARS: INDIVIDUAL: RX J0048.4-7332=SMC 3, STARS: MASS-LOSS, X-RAYS: STARS},
    year = 1996,
    month = aug,
    volume = 312,
    pages = {897-904},
    adsurl = {http://adsabs.harvard.edu/abs/1996A%26A...312..897J},
    adsnote = {Provided by the SAO/NASA Astrophysics Data System}}


@ARTICLE{Ferland:2013,
   author = {{Ferland}, G.~J. and {Porter}, R.~L. and {van Hoof}, P.~A.~M. and 
	{Williams}, R.~J.~R. and {Abel}, N.~P. and {Lykins}, M.~L. and 
	{Shaw}, G. and {Henney}, W.~J. and {Stancil}, P.~C.},
   title = "{The 2013 Release of Cloudy}",
   journal = {RMxAA}, 
   archivePrefix = "arXiv",
   eprint = {1302.4485},
   primaryClass = "astro-ph.GA",
   keywords = {atomic processes, galaxies: active, methods: numerical, molecular processes, radiation mechanisms: general},
   year = 2013,
   month = apr,
   volume = 49,
   pages = {137-163},
   adsurl = {http://adsabs.harvard.edu/abs/2013RMxAA..49..137F},
   adsnote = {Provided by the SAO/NASA Astrophysics Data System}}

@ARTICLE{Munari:2002,
   author = {{Munari}, U. and {Zwitter}, T.},
   title = "{A multi-epoch spectrophotometric atlas of symbiotic stars}",
   journal = {\aap},
   eprint = {astro-ph/0202274},
   keywords = {STARS: BINARIES: SYMBIOTIC, ATLASES},
   year = 2002,
   month = jan,
   volume = 383,
   pages = {188-196},
   doi = {10.1051/0004-6361:20011724},
   adsurl = {http://adsabs.harvard.edu/abs/2002A%26A...383..188M},
   adsnote = {Provided by the SAO/NASA Astrophysics Data System}}


@ARTICLE{Kwitter:1998,
   author = {{Kwitter}, K.~B. and {Henry}, R.~B.~C.},
   title = "{A New Look at Carbon Abundances in Planetary Nebulae. III. DDDM1, IC 3568, IC 4593, NGC 6210, NGC 6720, NGC 6826, and NGC 7009}",
   journal = {\apj},
   eprint = {astro-ph/9708012},
   keywords = {ISM: ABUNDANCES, ISM: PLANETARY NEBULAE: GENERAL, STARS: EVOLUTION, ULTRAVIOLET: ISM, ISM: Abundances, ISM: Planetary Nebulae: General, Stars: Evolution, Ultraviolet: ISM},
   year = 1998,
   month = jan,
   volume = 493,
   pages = {247-259},
   doi = {10.1086/305094},
   adsurl = {http://adsabs.harvard.edu/abs/1998ApJ...493..247K},
   adsnote = {Provided by the SAO/NASA Astrophysics Data System}}

@ARTICLE{Hachisu:1999,
   author = {{Hachisu}, I. and {Kato}, M. and {Nomoto}, K.},
   title = "{A Wide Symbiotic Channel to Type IA Supernovae}",
   journal = {\apj},
   eprint = {astro-ph/9902304},
   keywords = {STARS: BINARIES: CLOSE, STARS: BINARIES: SYMBIOTIC, STARS: EVOLUTION, STARS: MASS LOSS, STARS: SUPERNOVAE: GENERAL, Stars: Binaries: Close, Stars: Binaries: Symbiotic, Stars: Evolution, Stars: Mass Loss, Stars: Supernovae: General},
   year = 1999,
   month = sep,
   volume = 522,
   pages = {487-503},
   doi = {10.1086/307608},
   adsurl = {http://adsabs.harvard.edu/abs/1999ApJ...522..487H},
   adsnote = {Provided by the SAO/NASA Astrophysics Data System}}

@ARTICLE{Whelan:1973,
   author = {{Whelan}, J. and {Iben}, Jr., I.},
   title = "{Binaries and Supernovae of Type I}",
   journal = {\apj},
   year = 1973,
   month = dec,
   volume = 186,
   pages = {1007-1014},
   doi = {10.1086/152565},
   adsurl = {http://adsabs.harvard.edu/abs/1973ApJ...186.1007W},
   adsnote = {Provided by the SAO/NASA Astrophysics Data System}}

@ARTICLE{Lu:2009,
   author = {{L{\"u}}, G. and {Zhu}, C. and {Wang}, Z. and {Wang}, N.},
   title = "{An alternative symbiotic channel to Type Ia supernovae}",
   journal = {\mnras},
   keywords = {binaries: symbiotic , stars: evolution , stars: mass-loss , supernovae: general},
   year = 2009,
   month = jun,
   volume = 396,
   pages = {1086-1095},
   doi = {10.1111/j.1365-2966.2009.14777.x},
   adsurl = {http://adsabs.harvard.edu/abs/2009MNRAS.396.1086L},
   adsnote = {Provided by the SAO/NASA Astrophysics Data System}}

@ARTICLE{Stefano:2010,
   author = {{Di Stefano}, R.},
   title = "{The Progenitors of Type Ia Supernovae. II. Are they Double-degenerate Binaries? The Symbiotic Channel}",
   journal = {\apj},
   archivePrefix = "arXiv",
   eprint = {1004.1193},
   keywords = {binaries: symbiotic, distance scale, supernovae: general, white dwarfs, X-rays: general},
   year = 2010,
   month = aug,
   volume = 719,
   pages = {474-482},
   doi = {10.1088/0004-637X/719/1/474},
   adsurl = {http://adsabs.harvard.edu/abs/2010ApJ...719..474D},
   adsnote = {Provided by the SAO/NASA Astrophysics Data System}}

@ARTICLE{Chen:2011,
   author = {{Chen}, X. and {Han}, Z. and {Tout}, C.~A.},
   title = "{Tidally Enhanced Stellar Wind: a Way to Make the Symbiotic Channel to Type Ia Supernova Viable}",
   journal = {\apjl},
   archivePrefix = "arXiv",
   eprint = {1106.1252},
   primaryClass = "astro-ph.SR",
   keywords = {binaries: close, stars: evolution, supernovae: general},
   year = 2011,
   month = jul,
   volume = 735,
   eid = {L31},
   pages = {L31},
   doi = {10.1088/2041-8205/735/2/L31},
   adsurl = {http://adsabs.harvard.edu/abs/2011ApJ...735L..31C},
   adsnote = {Provided by the SAO/NASA Astrophysics Data System}}


@ARTICLE{Perek:1967,
   author = {{Perek}, L. and {Kohoutek}, L.},
   title = "{Catalogue of galactic planetary nebulae.}",
   journal = {Publ.~House Czech.~Acad.~Sci.},
   year = 1967,
   adsurl = {http://adsabs.harvard.edu/abs/1967PKCat....c...1P},
   adsnote = {Provided by the SAO/NASA Astrophysics Data System}}

@ARTICLE{Acker:1987,
   author = {{Acker}, A. and {Chopinet}, M. and {Pottasch}, S.~R. and {Stenholm}, B.
	},
    title = "{Misclassified planetary nebulae}",
    journal = {\aaps},
    keywords = {Emission Spectra, Line Spectra, Planetary Nebulae, Spectrum Analysis, Infrared Astronomy Satellite, Tables (Data)},
    year = 1987,
    month = oct,
    volume = 71,
    pages = {163-175},
    adsurl = {http://adsabs.harvard.edu/abs/1987A%26AS...71..163A},
    adsnote = {Provided by the SAO/NASA Astrophysics Data System}}

@ARTICLE{Williams:1980,
   author = {{Williams}, R.~E.},
   title = "{Emission lines from the accretion disks of cataclysmic variables}",
   journal = {\apj},
   keywords = {Binary Stars, Emission Spectra, Line Spectra, Stellar Mass Accretion, Stellar Spectra, Variable Stars, Balmer Series, Calcium, Dwarf Stars, H Lines, Novae, Potassium, Stellar Structure, Stellar Temperature},
    year = 1980,
    month = feb,
    volume = 235,
    pages = {939-944},
    doi = {10.1086/157698},
    adsurl = {http://adsabs.harvard.edu/abs/1980ApJ...235..939W},
    adsnote = {Provided by the SAO/NASA Astrophysics Data System}}


@ARTICLE{Sabin:2010,
   author = {{Sabin}, L. and {Zijlstra}, A.~A. and {Wareing}, C. and {Corradi}, R.~L.~M. and 
	{Mampaso}, A. and {Viironen}, K. and {Wright}, N.~J. and {Parker}, Q.~A.
	},
    title = "{New Candidate Planetary Nebulae in the IPHAS Survey: the Case of Planetary Nebulae with ISM interaction}",
    journal = {PASA},
   archivePrefix = "arXiv",
   eprint = {1001.0027},
 keywords = {ISM, planetary nebulae: general, surveys},
     year = 2010,
    month = may,
   volume = 27,
    pages = {166-173},
      doi = {10.1071/AS09046},
   adsurl = {http://adsabs.harvard.edu/abs/2010PASA...27..166S},
  adsnote = {Provided by the SAO/NASA Astrophysics Data System}}

@ARTICLE{Cenarro:2018,
   author = {{Cenarro}, A.~J. and {Moles}, M. and {Crist{\'o}bal-Hornillos}, D. and 
	{Mar{\'{\i}}n-Franch}, A. and {Ederoclite}},
    title = "{J-PLUS: The Javalambre Photometric Local Universe Survey}",
  journal = {ArXiv e-prints},
archivePrefix = "arXiv",
   eprint = {1804.02667},
 keywords = {Astrophysics - Astrophysics of Galaxies, Astrophysics - Cosmology and Nongalactic Astrophysics},
     year = 2018,
    month = apr,
   adsurl = {http://adsabs.harvard.edu/abs/2018arXiv180402667C},
  adsnote = {Provided by the SAO/NASA Astrophysics Data System}
}


@INPROCEEDINGS{Parker:2017,
   author = {{Parker}, Q.~A. and {Boji{\v c}i{\'c}}, I. and {Frew}, D.~J.
	},
    title = "{Exploiting the HASH Planetary Nebula Research Platform}",
 keywords = {Planetary nebulae, multi-wavelength imagery, spectroscopy, databases, late-stage stellar evolution,},
booktitle = {Planetary Nebulae: Multi-Wavelength Probes of Stellar and Galactic Evolution},
     year = 2017,
   series = {IAU Symposium},
   volume = 323,
archivePrefix = "arXiv",
   eprint = {1612.00167},
 primaryClass = "astro-ph.SR",
   editor = {{Liu}, X. and {Stanghellini}, L. and {Karakas}, A.},
    month = oct,
    pages = {36-39},
      doi = {10.1017/S1743921317000904},
   adsurl = {http://adsabs.harvard.edu/abs/2017IAUS..323...36P},
  adsnote = {Provided by the SAO/NASA Astrophysics Data System}
}


@ARTICLE{Sargent:1970,
   author = {{Sargent}, W.~L.~W. and {Searle}, L.},
    title = "{Isolated Extragalactic H II Regions}",
  journal = {\apjl},
     year = 1970,
    month = dec,
   volume = 162,
    pages = {L155},
      doi = {10.1086/180644},
   adsurl = {http://adsabs.harvard.edu/abs/1970ApJ...162L.155S},
  adsnote = {Provided by the SAO/NASA Astrophysics Data System}
}

@ARTICLE{Ciardullo:2012,
   author = {{Ciardullo}, R.},
    title = "{The Planetary Nebula Luminosity Function at the dawn of Gaia}",
  journal = {\apss},
archivePrefix = "arXiv",
   eprint = {1203.5551},
 keywords = {Distance scale, Galaxies: distances and redshifts, Planetary nebulae: general},
     year = 2012,
    month = sep,
   volume = 341,
    pages = {151-161},
      doi = {10.1007/s10509-012-1061-2},
   adsurl = {http://adsabs.harvard.edu/abs/2012Ap%26SS.341..151C},
  adsnote = {Provided by the SAO/NASA Astrophysics Data System}}


%PCA
@ARTICLE{Bailer:1998,
   author = {{Bailer-Jones}, C.~A.~L. and {Irwin}, M. and {von Hippel}, T.
	},
    title = "{Automated classification of stellar spectra - II. Two-dimensional classification with neural networks and principal components analysis}",
  journal = {\mnras},
   eprint = {astro-ph/9803050},
 keywords = {METHODS: ANALYTICAL, METHODS: DATA ANALYSIS, METHODS: NUMERICAL, STARS: FUNDAMENTAL PARAMETERS},
     year = 1998,
    month = aug,
   volume = 298,
    pages = {361-377},
      doi = {10.1046/j.1365-8711.1998.01596.x},
   adsurl = {http://adsabs.harvard.edu/abs/1998MNRAS.298..361B},
  adsnote = {Provided by the SAO/NASA Astrophysics Data System}}


@ARTICLE{Re:2007,
   author = {{Re Fiorentin}, P. and {Bailer-Jones}, C.~A.~L. and {Lee}, Y.~S. and 
	{Beers}, T.~C. and {Sivarani}, T. and {Wilhelm}, R. and {Allende Prieto}, C. and 
	{Norris}, J.~E.},
    title = "{Estimation of stellar atmospheric parameters from SDSS/SEGUE spectra}",
  journal = {\aap},
   eprint = {astro-ph/0703309},
 keywords = {surveys, methods: data analysis, methods: statistical, stars: fundamental parameters},
     year = 2007,
    month = jun,
   volume = 467,
    pages = {1373-1387},
      doi = {10.1051/0004-6361:20077334},
   adsurl = {http://adsabs.harvard.edu/abs/2007A%26A...467.1373R},
  adsnote = {Provided by the SAO/NASA Astrophysics Data System}}

@ARTICLE{Yip:2004,
   author = {{Yip}, C.~W. and {Connolly}, A.~J. and {Szalay}, A.~S. and {Budav{\'a}ri}, T. and 
	{SubbaRao}, M. and {Frieman}, J.~A. and {Nichol}, R.~C. and 
	{Hopkins}, A.~M. and {York}, D.~G. and {Okamura}, S. and {Brinkmann}, J. and 
	{Csabai}, I. and {Thakar}, A.~R. and {Fukugita}, M. and {Ivezi{\'c}}, {\v Z}.
	},
    title = "{Distributions of Galaxy Spectral Types in the Sloan Digital Sky Survey}",
  journal = {\aj},
   eprint = {astro-ph/0407061},
 keywords = {Galaxies: Fundamental Parameters, Galaxies: General, Methods: Data Analysis, Techniques: Spectroscopic},
     year = 2004,
    month = aug,
   volume = 128,
    pages = {585-609},
      doi = {10.1086/422429},
   adsurl = {http://adsabs.harvard.edu/abs/2004AJ....128..585Y},
  adsnote = {Provided by the SAO/NASA Astrophysics Data System}}

@ARTICLE{Karampelas:2012,
   author = {{Karampelas}, A. and {Kontizas}, M. and {Rocca-Volmerange}, B. and 
	{Bellas-Velidis}, I. and {Kontizas}, E. and {Livanou}, E. and 
	{Tsalmantza}, P. and {Dapergolas}, A.},
    title = "{Optimization of synthetic galaxy spectra. Application to ESA's Gaia mission}",
  journal = {\aap},
 keywords = {methods: statistical, methods: data analysis, galaxies: fundamental parameters},
     year = 2012,
    month = feb,
   volume = 538,
      eid = {A38},
    pages = {A38},
      doi = {10.1051/0004-6361/201117872},
   adsurl = {http://adsabs.harvard.edu/abs/2012A%26A...538A..38K},
  adsnote = {Provided by the SAO/NASA Astrophysics Data System}}

@ARTICLE{Moretti:2018,
   author = {{Moretti}, M.~I. and {Hatzidimitriou}, D. and {Karampelas}, A. and 
	{Sokolovsky}, K.~V. and {Bonanos}, A.~Z. and {Gavras}, P. and 
	{Yang}, M.},
    title = "{Variability search in M 31 using principal component analysis and the Hubble Source Catalogue}",
  journal = {\mnras},
archivePrefix = "arXiv",
   eprint = {1803.09782},
 primaryClass = "astro-ph.IM",
 keywords = {methods: data analysis, methods: statistical, stars: statistics, stars: variables: general, galaxies: individual: M 31},
     year = 2018,
    month = jun,
   volume = 477,
    pages = {2664-2683},
      doi = {10.1093/mnras/sty758},
   adsurl = {http://adsabs.harvard.edu/abs/2018MNRAS.477.2664M},
  adsnote = {Provided by the SAO/NASA Astrophysics Data System}}

@ARTICLE{Magrini:2017,
   author = {{Magrini}, L. and {Gon{\c c}alves}, D.~R. and {Vajgel}, B.},
    title = "{NGC 55: a disc galaxy with flat abundance gradients}",
  journal = {\mnras},
 keywords = {ISM: abundances, H II regions, galaxies: abundances, galaxies: evolution, galaxies: individual: NGC55, galaxies: ISM},
     year = 2017,
    month = jan,
   volume = 464,
    pages = {739-753},
      doi = {10.1093/mnras/stw2389},
   adsurl = {http://adsabs.harvard.edu/abs/2017MNRAS.464..739M},
  adsnote = {Provided by the SAO/NASA Astrophysics Data System}}

@ARTICLE{Goncalves:2015,
   author = {{Gon{\c c}alves}, D.~R. and {Magrini}, L. and {de la Rosa}, I.~G. and 
	{Akras}, S.},
    title = "{Discovery of true, likely and possible symbiotic stars in the dwarf spheroidal NGC 205}",
  journal = {\mnras},
archivePrefix = "arXiv",
   eprint = {1411.5266},
 primaryClass = "astro-ph.SR",
 keywords = {binaries: symbiotic, galaxies: dwarf - galaxies: individual: NGC 205, Local Group},
     year = 2015,
    month = feb,
   volume = 447,
    pages = {993-1000},
      doi = {10.1093/mnras/stu2437},
   adsurl = {http://adsabs.harvard.edu/abs/2015MNRAS.447..993G},
  adsnote = {Provided by the SAO/NASA Astrophysics Data System}
}

@ARTICLE{Goncalves:2008,
   author = {{Gon{\c c}alves}, D.~R. and {Magrini}, L. and {Munari}, U. and 
	{Corradi}, R.~L.~M. and {Costa}, R.~D.~D.},
    title = "{Discovery in IC10 of the farthest known symbiotic star}",
  journal = {\mnras},
archivePrefix = "arXiv",
   eprint = {0809.2370},
 keywords = {binaries: symbiotic, galaxies: individual: IC10, Local Group},
     year = 2008,
    month = nov,
   volume = 391,
    pages = {L84-L87},
      doi = {10.1111/j.1745-3933.2008.00561.x},
   adsurl = {http://adsabs.harvard.edu/abs/2008MNRAS.391L..84G},
  adsnote = {Provided by the SAO/NASA Astrophysics Data System}
}

@ARTICLE{Alcala:2014,
   author = {{Alcala}, J.~M. and {Natta}, A. and {Manara}, C.~F. and {Spezzi}, L. and 
	{Stelzer}, B. and {Frasca}, A. and {Biazzo}, K. and {Covino}, E. and 
	{Randich}, S. and {Rigliaco}, E. and {Testi}, L. and {Comeron}, F. and 
	{Cupani}, G. and {D'Elia}, V.},
    title = "{VizieR Online Data Catalog: 36 accreting YSOs emission lines (Alcala+, 2014)}",
  journal = {VizieR Online Data Catalog},
 keywords = {Stars: pre-main sequence, Spectroscopy, Equivalent widths},
     year = 2014,
    month = mar,
   volume = 356,
   adsurl = {http://adsabs.harvard.edu/abs/2014yCat..35610002A},
  adsnote = {Provided by the SAO/NASA Astrophysics Data System}
}

